@Article{Chew_1987,
  author       = {Chew, L. P.},
  title        = {Constrained Delaunay triangulations},
  year         = 1987,
  doi          = {10.1145/41958.41981},
  url          = {http://dx.doi.org/10.1145/41958.41981},
  isbn         = 0897912314,
  journal      = {Proceedings of the third annual symposium on Computational
                  geometry - SCG '87},
  publisher    = {ACM Press}
}

@Article{Verf_rth_2013,
  author =       {Verfürth, Rüdiger},
  title =        {A Posteriori Error Estimation Techniques for Finite Element
                  Methods},
  year =         2013,
  month =        {Apr},
  doi =          {10.1093/acprof:oso/9780199679423.001.0001},
  url =          {http://dx.doi.org/10.1093/acprof:oso/9780199679423.001.0001},
  isbn =         9780199679423,
  publisher =    {Oxford University Press}
}

@Article{Chen_2011,
  author       = {Chen, Long and Holst, Michael},
  title        = {Efficient mesh optimization schemes based on Optimal Delaunay
                  Triangulations},
  year         = 2011,
  volume       = 200,
  number       = {9-12},
  month        = {Feb},
  pages        = {967–984},
  issn         = {0045-7825},
  doi          = {10.1016/j.cma.2010.11.007},
  url          = {http://dx.doi.org/10.1016/j.cma.2010.11.007},
  journal      = {Computer Methods in Applied Mechanics and Engineering},
  publisher    = {Elsevier BV}
}

@article{funken2020coarsening,
  title={A Coarsening Algorithm on Adaptive Red-Green-Blue Refined Meshes},
  author={Funken, Stefan A and Schmidt, Anja},
  journal={arXiv preprint arXiv:2001.06343},
  year={2020}
}

@article{carstensen2004adaptive,
  title={An adaptive mesh-refining algorithm allowing for an $H^1$ stable $L^2$ projection onto Courant finite element spaces},
  author={Carstensen, Carsten},
  journal={Constructive Approximation},
  volume={20},
  number={4},
  pages={549--564},
  year={2004},
  publisher={Springer}
}

@Article{Chew_1989,
  author       = {Chew, L. P.},
  title        = {Guaranteed-Quality Triangular Meshes},
  year         = 1989,
  month        = {Apr},
  doi          = {10.21236/ada210101},
  url          = {http://dx.doi.org/10.21236/ada210101},
  publisher    = {Defense Technical Information Center}
}

@Article{Shewchuk_2002,
  author       = {Shewchuk, Jonathan Richard},
  title        = {Delaunay refinement algorithms for triangular mesh generation},
  year         = 2002,
  volume       = 22,
  number       = {1-3},
  month        = {May},
  pages        = {21–74},
  issn         = {0925-7721},
  doi          = {10.1016/s0925-7721(01)00047-5},
  url          = {http://dx.doi.org/10.1016/s0925-7721(01)00047-5},
  journal      = {Computational Geometry},
  publisher    = {Elsevier BV}
}

@Article{Ruppert_1995,
  author       = {Ruppert, J.},
  title        = {A Delaunay Refinement Algorithm for Quality 2-Dimensional Mesh
                  Generation},
  year         = 1995,
  volume       = 18,
  number       = 3,
  month        = {May},
  pages        = {548–585},
  issn         = {0196-6774},
  doi          = {10.1006/jagm.1995.1021},
  url          = {http://dx.doi.org/10.1006/jagm.1995.1021},
  journal      = {Journal of Algorithms},
  publisher    = {Elsevier BV}
}


@Article{L_hner_1988,
  author       = {Löhner, Rainald and Parikh, Paresh},
  title        = {Generation of three-dimensional unstructured grids by the
                  advancing-front method},
  year         = 1988,
  volume       = 8,
  number       = 10,
  month        = {Oct},
  pages        = {1135–1149},
  issn         = {1097-0363},
  doi          = {10.1002/fld.1650081003},
  url          = {http://dx.doi.org/10.1002/fld.1650081003},
  journal      = {International Journal for Numerical Methods in Fluids},
  publisher    = {Wiley}
}

@Article{Shimada_1995,
  author       = {Shimada, Kenji and Gossard, David C.},
  title        = {Bubble mesh},
  year         = 1995,
  doi          = {10.1145/218013.218095},
  url          = {http://dx.doi.org/10.1145/218013.218095},
  isbn         = 0897916727,
  journal      = {Proceedings of the third ACM symposium on Solid modeling and
                  applications - SMA '95},
  publisher    = {ACM Press}
}

@Article{Yerry_1983,
  author       = {Yerry, Mark and Shephard, Mark},
  title        = {A Modified Quadtree Approach To Finite Element Mesh
                  Generation},
  year         = 1983,
  volume       = 3,
  number       = 1,
  month        = {Jan},
  pages        = {39–46},
  issn         = {0272-1716},
  doi          = {10.1109/mcg.1983.262997},
  url          = {http://dx.doi.org/10.1109/mcg.1983.262997},
  journal      = {IEEE Computer Graphics and Applications},
  publisher    = {Institute of Electrical and Electronics Engineers (IEEE)}
}


@article{mavriplis1995advancing,
  title={An advancing front Delaunay triangulation algorithm designed for robustness},
  author={Mavriplis, Dimitri J},
  journal={Journal of Computational Physics},
  volume={117},
  number={1},
  pages={90--101},
  year={1995},
  publisher={Elsevier}
}

@inproceedings{bossen1996pliant,
  title={A pliant method for anisotropic mesh generation},
  author={Bossen, Frank J and Heckbert, Paul S},
  booktitle={5th Intl. Meshing Roundtable},
  pages={63--74},
  year={1996},
  organization={Citeseer}
}

@article{persson2004simple,
  title={A simple mesh generator in MATLAB},
  author={Persson, Per-Olof and Strang, Gilbert},
  journal={SIAM review},
  volume={46},
  number={2},
  pages={329--345},
  year={2004},
  publisher={SIAM}
}

@inproceedings{shewchuk1996triangle,
  title={Triangle: Engineering a 2D quality mesh generator and Delaunay triangulator},
  author={Shewchuk, Jonathan Richard},
  booktitle={Workshop on Applied Computational Geometry},
  pages={203--222},
  year={1996},
  organization={Springer}
}

@article{virtanen2020scipy,
  title={SciPy 1.0: fundamental algorithms for scientific computing in Python},
  author={Virtanen, Pauli and Gommers, Ralf and Oliphant, Travis E and Haberland, Matt and Reddy, Tyler and Cournapeau, David and Burovski, Evgeni and Peterson, Pearu and Weckesser, Warren and Bright, Jonathan and others},
  journal={Nature methods},
  volume={17},
  number={3},
  pages={261--272},
  year={2020},
  publisher={Nature Publishing Group}
}

@misc{meshplex,
  title = {{meshplex 0.12.1}},
  howpublished = {\url{http://web.archive.org/web/20201023074645/https://pypi.org/project/meshplex/0.12.1/}},
  note = {Accessed: 2020-10-23}
}

@misc{optimesh,
  title = {{optimesh 0.6.1}},
  howpublished = {\url{http://web.archive.org/web/20201023080856/https://pypi.org/project/optimesh/0.6.1/}},
  note = {Accessed: 2020-10-23}
}

@misc{tri,
  title = {{tri 0.3}},
  howpublished = {\url{https://web.archive.org/web/20201023101325/https://pypi.org/project/tri/0.3/}},
  note = {Accessed: 2020-10-23}
}

@article{gustafsson2020scikit,
  title={scikit-fem: A Python package for finite element assembly},
  author={Gustafsson, Tom and Mcbain, Geordie},
  journal={Journal of Open Source Software},
  volume={5},
  number={52},
  pages={2369},
  year={2020}
}

@article{hunter2007matplotlib,
  title={Matplotlib: A 2D graphics environment},
  author={Hunter, John D},
  journal={Computing in science \& engineering},
  volume={9},
  number={3},
  pages={90--95},
  year={2007},
  publisher={IEEE Computer Society}
}

@article{mayzel2019stokes,
  title={Stokes flow analogous to viscous electron current in graphene},
  author={Mayzel, Jonathan and Steinberg, Victor and Varshney, Atul},
  journal={Nature communications},
  volume={10},
  number={1},
  pages={1--6},
  year={2019},
  publisher={Nature Publishing Group}
}

@article{FiPy2009,
   author =    {Jonathan E. Guyer and Daniel Wheeler and James A. Warren},
   title =     {{FiPy}: Partial Differential Equations with {P}ython},
   publisher = {IEEE},
   year =      2009,
   journal =   {{Computing in Science \& Engineering}},
   volume =    11,
   number =    3,
   pages =     {6-15},
   url =       {http://www.ctcms.nist.gov/fipy},
   doi =       {10.1109/MCSE.2009.52},
}